@article{stats_url,
	title={http://www.digitalinformationworld.com/2015/08/infographic-data-never-sleeps.html},
	author={},
	journal={},
	number={},
	pages={},
	year={2015},
	publisher={}
}
@inproceedings{koren2009matrix,
  title={Matrix factorization techniques for recommender systems},
  author={Koren, Yehuda and Bell, Robert and Volinsky, Chris},
  journal={Computer},
  number={8},
  pages={30--37},
  year={2009},
  publisher={IEEE}
}
@inproceedings{mnih2007probabilistic,
	title={Probabilistic matrix factorization},
	author={Mnih, Andriy and Salakhutdinov, Ruslan},
	booktitle={Advances in neural information processing systems},
	pages={1257--1264},
	year={2007}
}
@inproceedings{ma2008sorec,
	title={Sorec: social recommendation using probabilistic matrix factorization},
	author={Ma, Hao and Yang, Haixuan and Lyu, Michael R and King, Irwin},
	booktitle={Proceedings of the 17th ACM conference on Information and knowledge management},
	pages={931--940},
	year={2008},
	organization={ACM}
}
@inproceedings{jamali2010matrix,
	title={A matrix factorization technique with trust propagation for recommendation in social networks},
	author={Jamali, Mohsen and Ester, Martin},
	booktitle={Proceedings of the fourth ACM conference on Recommender systems},
	pages={135--142},
	year={2010},
	organization={ACM}
}
@inproceedings{ma2011recommender,
	title={Recommender systems with social regularization},
	author={Ma, Hao and Zhou, Dengyong and Liu, Chao and Lyu, Michael R and King, Irwin},
	booktitle={Proceedings of the fourth ACM international conference on Web search and data mining},
	pages={287--296},
	year={2011},
	organization={ACM}
}
@incollection{massa2004trust,
	title={Trust-aware collaborative filtering for recommender systems},
	author={Massa, Paolo and Avesani, Paolo},
	booktitle={On the Move to Meaningful Internet Systems 2004: CoopIS, DOA, and ODBASE},
	pages={492--508},
	year={2004},
	publisher={Springer}
}
@inproceedings{yang2012circle,
	title={Circle-based recommendation in online social networks},
	author={Yang, Xiwang and Steck, Harald and Liu, Yong},
	booktitle={Proceedings of the 18th ACM SIGKDD international conference on Knowledge discovery and data mining},
	pages={1267--1275},
	year={2012},
	organization={ACM}
}
@inproceedings{yang2013social,
	title={Social collaborative filtering by trust},
	author={Yang, Bo and Lei, Yu and Liu, Dayou and Liu, Jiming},
	booktitle={Proceedings of the Twenty-Third international joint conference on Artificial Intelligence},
	pages={2747--2753},
	year={2013},
	organization={AAAI Press}
}
@inproceedings{ma2009llearningEnsembel,
	title={Learning to recommend with social trust ensemble},
	author={Ma, Hao and King, Irwin and Lyu, Michael R},
	booktitle={Proceedings of the 32nd international ACM SIGIR conference on Research and development in information retrieval},
	pages={203--210},
	year={2009},
	organization={ACM}
}
@inproceedings{ma2009learningTrust,
	title={Learning to recommend with trust and distrust relationships},
	author={Ma, Hao and Lyu, Michael R and King, Irwin},
	booktitle={Proceedings of the third ACM conference on Recommender systems},
	pages={189--196},
	year={2009},
	organization={ACM}
}
@inproceedings{li2015overlapping,
	title={Overlapping Community Regularization for Rating Prediction in Social Recommender Systems},
	author={Li, Hui and Wu, Dingming and Tang, Wenbin and Mamoulis, Nikos},
	booktitle={Proceedings of the 9th ACM Conference on Recommender Systems},
	pages={27--34},
	year={2015},
	organization={ACM}
}
@inproceedings{yang2013social,
	title={Social collaborative filtering by trust},
	author={Yang, Bo and Lei, Yu and Liu, Dayou and Liu, Jiming},
	booktitle={Proceedings of the Twenty-Third international joint conference on Artificial Intelligence},
	pages={2747--2753},
	year={2013},
	organization={AAAI Press}
}
@inproceedings{Forsati:2015:PER:2792838.2800198,
	author = {Forsati, Rana and Barjasteh, Iman and Masrour, Farzan and Esfahanian, Abdol-Hossein and Radha, Hayder},
	title = {PushTrust: An Efficient Recommendation Algorithm by Leveraging Trust and Distrust Relations},
	booktitle = {Proceedings of the 9th ACM Conference on Recommender Systems},
	series = {RecSys '15},
	year = {2015},
	isbn = {978-1-4503-3692-5},
	location = {Vienna, Austria},
	pages = {51--58},
	numpages = {8},
	url = {http://doi.acm.org/10.1145/2792838.2800198},
	doi = {10.1145/2792838.2800198},
	acmid = {2800198},
	publisher = {ACM},
	address = {New York, NY, USA},
	keywords = {collaborative filtering, collaborative social ranking, matrix factorization, social regularization},
} 